@inproceedings{dwhp04,
 author = {Hovemeyer, David and Pugh, William},
 title = {Finding Bugs is Easy},
 booktitle = {Companion to the 19th Annual ACM SIGPLAN Conference on Object-oriented Programming Systems, Languages, and Applications},
 series = {OOPSLA '04},
 year = {2004},
 isbn = {1-58113-833-4},
 location = {Vancouver, BC, CANADA},
 pages = {132--136},
 numpages = {5},
 url = {http://doi.acm.org/10.1145/1028664.1028717},
 doi = {10.1145/1028664.1028717},
 acmid = {1028717},
 publisher = {ACM},
 address = {New York, NY, USA},
 keywords = {bug checkers, bug patterns, bugs, static analysis},
}

@book{smc04,
	author = "Steve McConnell",
	title = "Code Complete: A Practical Handbook of Software Construction",
	publisher = "Microsoft Press",
	edition = "2",
	year = "2004"}

@misc{ms,
	author = "Michael I. Schwartzbach",
	title = "Lecture Notes on Static Analysis",
	Institution = "University of Aarhus, Denmark",
	howpublished = "University Lecture"}

@inproceedings{nn07,
 author = {Nethercote, Nicholas and Seward, Julian},
 title = {Valgrind: A Framework for Heavyweight Dynamic Binary Instrumentation},
 booktitle = {Proceedings of the 2007 ACM SIGPLAN Conference on Programming Language Design and Implementation},
 series = {PLDI '07},
 year = {2007},
 isbn = {978-1-59593-633-2},
 location = {San Diego, California, USA},
 pages = {89--100},
 numpages = {12},
 url = {http://doi.acm.org/10.1145/1250734.1250746},
 doi = {10.1145/1250734.1250746},
 acmid = {1250746},
 publisher = {ACM},
 address = {New York, NY, USA},
 keywords = {Memcheck, Valgrind, dynamic binary analysis, dynamic binary instrumentation, shadow values},
}

@inproceedings{ww05,
 author = {Williams, Amy and Thies, William and Ernst, Michael D.},
 title = {Static Deadlock Detection for Java Libraries},
 booktitle = {Proceedings of the 19th European Conference on Object-Oriented Programming},
 series = {ECOOP'05},
 year = {2005},
 isbn = {3-540-27992-X, 978-3-540-27992-1},
 location = {Glasgow, UK},
 pages = {602--629},
 numpages = {28},
 url = {http://dx.doi.org/10.1007/11531142_26},
 doi = {10.1007/11531142_26},
 acmid = {2144926},
 publisher = {Springer-Verlag},
 address = {Berlin, Heidelberg},
}

@inproceedings{vk13,
 author = {Blanc, R{\'e}gis and Kuncak, Viktor and Kneuss, Etienne and Suter, Philippe},
 title = {An Overview of the Leon Verification System: Verification by Translation to Recursive Functions},
 booktitle = {Proceedings of the 4th Workshop on Scala},
 series = {SCALA '13},
 year = {2013},
 isbn = {978-1-4503-2064-1},
 location = {Montpellier, France},
 pages = {1:1--1:10},
 articleno = {1},
 numpages = {10},
 url = {http://doi.acm.org/10.1145/2489837.2489838},
 doi = {10.1145/2489837.2489838},
 acmid = {2489838},
 publisher = {ACM},
 address = {New York, NY, USA},
 keywords = {satisfiability, verification},
} 

@inproceedings{sj78,
    author = {S. C. Johnson},
    title = {Lint, a C Program Checker},
    booktitle = {COMP. SCI. TECH. REP},
    year = {1978},
    pages = {78--1273},
    publisher = {}
}

@article{de02,
 author = {Evans, David and Larochelle, David},
 title = {Improving Security Using Extensible Lightweight Static Analysis},
 journal = {IEEE Softw.},
 issue_date = {January 2002},
 volume = {19},
 number = {1},
 month = jan,
 year = {2002},
 issn = {0740-7459},
 pages = {42--51},
 numpages = {10},
 url = {http://dx.doi.org/10.1109/52.976940},
 doi = {10.1109/52.976940},
 acmid = {626359},
 publisher = {IEEE Computer Society Press},
 address = {Los Alamitos, CA, USA},
} 

@incollection{rh08,
year={2008},
isbn={978-3-540-88386-9},
booktitle={Automated Technology for Verification and Analysis},
volume={5311},
series={Lecture Notes in Computer Science},
editor={Cha, Sungdeok(Steve) and Choi, Jin-Young and Kim, Moonzoo and Lee, Insup and Viswanathan, Mahesh},
doi={10.1007/978-3-540-88387-6_17},
title={Goanna: Syntactic Software Model Checking},
url={http://dx.doi.org/10.1007/978-3-540-88387-6_17},
publisher={Springer Berlin Heidelberg},
author={Huuck, Ralf and Fehnker, Ansgar and Seefried, Sean and Brauer, Jörg},
pages={216-221}
}

@inproceedings{vr99,
 author = {Vall{\'e}e-Rai, Raja and Co, Phong and Gagnon, Etienne and Hendren, Laurie and Lam, Patrick and Sundaresan, Vijay},
 title = {Soot - a Java Bytecode Optimization Framework},
 booktitle = {Proceedings of the 1999 Conference of the Centre for Advanced Studies on Collaborative Research},
 series = {CASCON '99},
 year = {1999},
 location = {Mississauga, Ontario, Canada},
 pages = {13--},
 url = {http://dl.acm.org/citation.cfm?id=781995.782008},
 acmid = {782008},
 publisher = {IBM Press},
}

@incollection{vk14,
year={2014},
isbn={978-3-642-54107-0},
booktitle={Verified Software: Theories, Tools, Experiments},
volume={8164},
series={Lecture Notes in Computer Science},
editor={Cohen, Ernie and Rybalchenko, Andrey},
doi={10.1007/978-3-642-54108-7_3},
title={Effect Analysis for Programs with Callbacks},
url={http://dx.doi.org/10.1007/978-3-642-54108-7_3},
publisher={Springer Berlin Heidelberg},
author={Kneuss, Etienne and Kuncak, Viktor and Suter, Philippe},
pages={48-67}
}

@inproceedings{vk10,
 author = {Kneuss, Etienne and Suter, Philippe and Kuncak, Viktor},
 title = {Runtime Instrumentation for Precise Flow-sensitive Type Analysis},
 booktitle = {Proceedings of the First International Conference on Runtime Verification},
 series = {RV'10},
 year = {2010},
 isbn = {3-642-16611-3, 978-3-642-16611-2},
 location = {St. Julians, Malta},
 pages = {300--314},
 numpages = {15},
 url = {http://dl.acm.org/citation.cfm?id=1939399.1939425},
 acmid = {1939425},
 publisher = {Springer-Verlag},
 address = {Berlin, Heidelberg},
} 

@inproceedings{shj09,
 author = {Jensen, Simon Holm and M{\o}ller, Anders and Thiemann, Peter},
 title = {Type Analysis for JavaScript},
 booktitle = {Proceedings of the 16th International Symposium on Static Analysis},
 series = {SAS '09},
 year = {2009},
 isbn = {978-3-642-03236-3},
 location = {Los Angeles, CA},
 pages = {238--255},
 numpages = {18},
 url = {http://dx.doi.org/10.1007/978-3-642-03237-0_17},
 doi = {10.1007/978-3-642-03237-0_17},
 acmid = {1615460},
 publisher = {Springer-Verlag},
 address = {Berlin, Heidelberg},
} 

@inproceedings{hm95,
    author = {Hitz, M. and Montazeri, B.},
    booktitle = {Proc. Intl. Sym. on Applied Corporate Computing},
    citeulike-article-id = {1803903},
    keywords = {apsec07-cohesion},
    posted-at = {2007-10-22 04:49:48},
    priority = {2},
    title = {{Measuring coupling and cohesion in object-oriented systems}},
    year = {1995}
}